<record><leader>00000cas a2200000 a 4500</leader><controlfield tag="001">28392413</controlfield><controlfield tag="008">930707d18531940tnuwr ne      0    0eng c</controlfield><datafield ind1=" " ind2=" " tag="010"><subfield code="a">sn 93062956 </subfield><subfield code="z">   57054676 </subfield></datafield><datafield ind1=" " ind2=" " tag="040"><subfield code="a">YOX</subfield><subfield code="b">eng</subfield><subfield code="c">YOX</subfield><subfield code="d">TGN</subfield><subfield code="d">ATL</subfield><subfield code="d">OCL</subfield><subfield code="d">ATL</subfield><subfield code="d">OCLCQ</subfield><subfield code="d">KRTAS</subfield><subfield code="d">OCLCQ</subfield><subfield code="d">OCLCF</subfield><subfield code="d">OCLCO</subfield></datafield><datafield ind1=" " ind2=" " tag="019"><subfield code="a">4205134</subfield><subfield code="a">6665022</subfield></datafield><datafield ind1="1" ind2=" " tag="029"><subfield code="a">AU@</subfield><subfield code="b">000010389029</subfield></datafield><datafield ind1=" " ind2=" " tag="042"><subfield code="a">pcc</subfield></datafield><datafield ind1=" " ind2=" " tag="043"><subfield code="a">n-us-tn</subfield></datafield><datafield ind1=" " ind2="4" tag="050"><subfield code="a">BX8201</subfield></datafield><datafield ind1="0" ind2=" " tag="130"><subfield code="a">Christian advocate (Nashville, Tenn.)</subfield></datafield><datafield ind1="1" ind2="0" tag="245"><subfield code="a">Christian advocate.</subfield></datafield><datafield ind1="1" ind2="7" tag="246"><subfield code="a">Nashville and Louisville Christian advocate</subfield><subfield code="f">1853-June 29, 1854</subfield></datafield><datafield ind1="1" ind2="7" tag="246"><subfield code="a">Nashville Christian advocate</subfield><subfield code="f">July 6, 1854-July 1, 1858</subfield></datafield><datafield ind1=" " ind2=" " tag="260"><subfield code="a">Nashville [Tenn.] :</subfield><subfield code="b">J.B. M'Ferrin for the Methodist Episcopal Church, South,</subfield><subfield code="c">1853-</subfield></datafield><datafield ind1=" " ind2=" " tag="300"><subfield code="a">v.</subfield></datafield><datafield ind1=" " ind2=" " tag="310"><subfield code="a">Weekly</subfield></datafield><datafield ind1="0" ind2=" " tag="362"><subfield code="a">Vol. 17, no. 17 (Apr. 21, 1853)- = whole no. 858-</subfield></datafield><datafield ind1=" " ind2=" " tag="500"><subfield code="a">Editors: &lt;1861&gt;- H.N. M'Tyeire; &lt;1871&gt;- Thos. O. Summers; &lt;1882&gt;- O.P. Fitazerald; &lt;1890&gt;- E.E. Hoss; &lt;1904&gt;- G.B. Winton.</subfield></datafield><datafield ind1=" " ind2=" " tag="515"><subfield code="a">Vol. 29-38, no. 35 called new series.</subfield></datafield><datafield ind1=" " ind2=" " tag="515"><subfield code="a">Issues for 1890 called v. 50 and 51.</subfield></datafield><datafield ind1=" " ind2=" " tag="525"><subfield code="a">Some issues have supplements.</subfield></datafield><datafield ind1=" " ind2=" " tag="530"><subfield code="a">Also issued on microfilm by American Theological Library Association.</subfield></datafield><datafield ind1=" " ind2=" " tag="550"><subfield code="a">Organ of: Methodist Episcopal Church, South.</subfield></datafield><datafield ind1=" " ind2=" " tag="580"><subfield code="a">Absorbed in 1934: Methodist layman. Cf. Union list of United Methodist serials, 1773-1973.</subfield></datafield><datafield ind1=" " ind2=" " tag="580"><subfield code="a">Merged with: Methodist recorder (Baltimore Md.), and the 5 regional editions of the Christian advocate, issued by the Methodist Episcopal Church, to form: Christian advocate (Methodist Church (U.S.) : 1941).</subfield></datafield><datafield ind1=" " ind2=" " tag="588"><subfield code="a">Latest issue consulted: Vol. 75, no. 52 (Dec. 25, 1914) = whole no, . 3864.</subfield></datafield><datafield ind1="2" ind2="0" tag="610"><subfield code="a">Methodist Episcopal Church, South</subfield><subfield code="v">Newspapers.</subfield></datafield><datafield ind1=" " ind2="0" tag="650"><subfield code="a">Methodists</subfield><subfield code="z">Tennessee</subfield><subfield code="v">Newspapers.</subfield></datafield><datafield ind1=" " ind2="0" tag="651"><subfield code="a">Nashville (Tenn.)</subfield><subfield code="v">Newspapers.</subfield></datafield><datafield ind1=" " ind2="0" tag="651"><subfield code="a">Davidson County (Tenn.)</subfield><subfield code="v">Newspapers.</subfield></datafield><datafield ind1=" " ind2="7" tag="655"><subfield code="a">Newspapers.</subfield><subfield code="2">fast</subfield><subfield code="0">(OCoLC)fst01423814</subfield></datafield><datafield ind1="2" ind2="7" tag="610"><subfield code="a">Methodist Episcopal Church, South.</subfield><subfield code="2">fast</subfield><subfield code="0">(OCoLC)fst00541686</subfield></datafield><datafield ind1=" " ind2="7" tag="650"><subfield code="a">Methodists.</subfield><subfield code="2">fast</subfield><subfield code="0">(OCoLC)fst01018703</subfield></datafield><datafield ind1=" " ind2="7" tag="651"><subfield code="a">Tennessee.</subfield><subfield code="2">fast</subfield><subfield code="0">(OCoLC)fst01205353</subfield></datafield><datafield ind1=" " ind2="7" tag="651"><subfield code="a">Tennessee</subfield><subfield code="z">Davidson County.</subfield><subfield code="2">fast</subfield><subfield code="0">(OCoLC)fst01205346</subfield></datafield><datafield ind1=" " ind2="7" tag="651"><subfield code="a">Tennessee</subfield><subfield code="z">Nashville.</subfield><subfield code="2">fast</subfield><subfield code="0">(OCoLC)fst01204195</subfield></datafield><datafield ind1="2" ind2=" " tag="710"><subfield code="a">Methodist Episcopal Church, South.</subfield></datafield><datafield ind1=" " ind2=" " tag="752"><subfield code="a">United States</subfield><subfield code="b">Tennessee</subfield><subfield code="c">Davidson</subfield><subfield code="d">Nashville.</subfield></datafield><datafield ind1="1" ind2=" " tag="776"><subfield code="c">Microfilm</subfield><subfield code="d">American Theological Library Association</subfield><subfield code="w">(DLC)sn 98016247</subfield><subfield code="w">(OCoLC)20683040</subfield></datafield><datafield ind1="0" ind2="8" tag="776"><subfield code="i">Online version:</subfield><subfield code="t">Christian advocate (Nashville, Tenn.)</subfield><subfield code="w">(OCoLC)761141340</subfield></datafield><datafield ind1="0" ind2="0" tag="780"><subfield code="t">Nashville and Louisville Christian advocate</subfield><subfield code="w">(DLC)sn 98016246</subfield><subfield code="w">(OCoLC)36663564</subfield></datafield><datafield ind1="1" ind2="5" tag="780"><subfield code="t">Methodist layman</subfield><subfield code="g">1934</subfield><subfield code="w">(OCoLC)28249357</subfield></datafield><datafield ind1="1" ind2="7" tag="785"><subfield code="t">Methodist recorder (Baltimore, Md.)</subfield><subfield code="w">(DLC)   00221539</subfield><subfield code="w">(OCoLC)30907018</subfield></datafield><datafield ind1="1" ind2="7" tag="785"><subfield code="t">Christian advocate (Cincinnati, Ohio : 1938)</subfield><subfield code="w">(DLC)   00221081</subfield><subfield code="w">(OCoLC)6674477</subfield></datafield><datafield ind1="1" ind2="7" tag="785"><subfield code="t">Christian advocate (Chicago, Ill. : 1929)</subfield><subfield code="w">(DLC)sn 98016025</subfield><subfield code="w">(OCoLC)11699305</subfield></datafield><datafield ind1="1" ind2="7" tag="785"><subfield code="t">Christian advocate</subfield><subfield code="c">Pacific ed.</subfield></datafield><datafield ind1="1" ind2="7" tag="785"><subfield code="t">Christian advocate (Cincinnati, Ohio : 1929)</subfield><subfield code="w">(DLC)   00221197</subfield><subfield code="w">(OCoLC)6664960</subfield></datafield><datafield ind1="1" ind2="7" tag="785"><subfield code="t">Christian advocate</subfield><subfield code="c">Chicago, Ill.</subfield><subfield code="w">(OCoLC)6674482</subfield></datafield><datafield ind1=" " ind2=" " tag="938"><subfield code="a">Kirtas Technologies, Inc.</subfield><subfield code="b">KRTS</subfield><subfield code="n">740647</subfield></datafield></record>